@misc{Natis:2003,
language="german",
author ="Y. Natis and R. Schulte",
title="Introduction to Service-Oriented Architecture",
year="2003",
howpublished="\url{http://www.computerwoche.de/soa-expertenrat/wp-content/uploads/2006/12/soa-definition-and-principles-en-v10.pdf}",
note="[Online; Stand 02. Mai 2011]"
}
